% This file was created with JabRef 2.4.2.
% Encoding: UTF8

@INPROCEEDINGS{Lim:2009,
  author = {Lim, Lian Tze},
  title = {Multilingual Lexicons for Machine Translation},
  booktitle = {Proceedings of the 11th {I}nternational {C}onference on {I}nformation
	{I}ntegration and {W}eb-based {A}pplications \& {S}ervices ({iiWAS}2009)
	{M}aster and {D}octoral {C}olloquium ({MDC})},
  year = {2009},
  pages = {732--736},
  address = {Kuala Lumpur, Malaysia}
}

@ARTICLE{Bond:etal:WordNetBahasa:2014,
  author={Bond, Francis and Lim, Lian Tze and Tang, Enya Kong and Riza, Hammam},
  year={2014},
  title={The combined {W}ordnet {B}ahasa},
  journal={\textsc{Nusa}: Linguistic studies of languages in and around {I}ndonesia},
  volume={57},
  pages={83--100},
  url={http://hdl.handle.net/10108/79286},
}

@INPROCEEDINGS{audibert:2004,
  author = {Audibert, Laurent},
  title = {Word sense disambiguation criteria: a systematic study},
  booktitle = {{20th International Conference on Computational Linguistics (COLING
	2004)}},
  year = {2004},
  pages = {910--916},
  address = {Geneva, Switzerland},
  publisher = {COLING},
  location = {Geneva, Switzerland}
}

@INPROCEEDINGS{azarova:etal:2002,
  author = {Irina Azarova and Olga Mitrofanova and Anna Sinopalnikova and Maria
	Yavorskaya and Ilya Oparin},
  title = {{RussNet}: Building a Lexical Database for the {Russian} Language},
  booktitle = {Proceedings of Workshop on WordNet Structures and Standardisation
	and How this affect Wordnet Applications and Evaluation},
  year = {2002},
  pages = {60-64},
  address = {Las Palmas}
}

@INPROCEEDINGS{banerjee:pedersen:2003,
  author = {Banerjee, Satanjeev and Pedersen, Ted},
  title = {Extended Gloss Overlaps as a Measure of Semantic Relatedness},
  booktitle = {Proceedings of the 18th International Joint Conference on Artificial
	Intelligence},
  year = {2003},
  pages = {805--810}
}

@PHDTHESIS{berment:phd:2004,
  author = {Vincent Berment},
  title = {\foreignlanguage{french}{Méthods pour Informatiser les Langues
	et les Groupes de Langues `peu dotées'}},
  school = {Université Joseph Fourier},
  year = {2004},
  address = {Grenoble, France}
}

@ARTICLE{budanitsky:hirst:2006,
  author = {Budanitsky, Alexander and Hirst, Graeme},
  title = {Evaluating {WordNet}-based Measures of Lexical Semantic Relatedness},
  journal = {Computational Linguistics},
  year = {2006},
  volume = {32},
  pages = {13--47},
  number = {1}
}
